<record><leader>00000cas a2200000 a 4500</leader><controlfield tag="001">33241545</controlfield><controlfield tag="007">hd bfu---baat</controlfield><controlfield tag="007">hd afu---bact</controlfield><controlfield tag="008">951004d19uu1926nbuwr nea     0    0eng d</controlfield><datafield ind1=" " ind2=" " tag="010"><subfield code="a">sn 95073102 </subfield></datafield><datafield ind1=" " ind2=" " tag="040"><subfield code="a">NVG</subfield><subfield code="b">eng</subfield><subfield code="c">NVG</subfield><subfield code="d">OCL</subfield><subfield code="d">OCLCQ</subfield><subfield code="d">OCLCF</subfield><subfield code="d">OCLCO</subfield></datafield><datafield ind1="1" ind2=" " tag="029"><subfield code="a">AU@</subfield><subfield code="b">000022176840</subfield></datafield><datafield ind1=" " ind2=" " tag="042"><subfield code="a">msc</subfield></datafield><datafield ind1=" " ind2=" " tag="043"><subfield code="a">n-us-nb</subfield></datafield><datafield ind1="0" ind2=" " tag="130"><subfield code="a">Mediator (Omaha, Neb.)</subfield></datafield><datafield ind1="1" ind2="4" tag="245"><subfield code="a">The mediator</subfield><subfield code="h">[microform].</subfield></datafield><datafield ind1=" " ind2=" " tag="260"><subfield code="a">Omaha, Neb. :</subfield><subfield code="b">Mediator Pub. Co.,</subfield><subfield code="c">-1926.</subfield></datafield><datafield ind1=" " ind2=" " tag="300"><subfield code="a">v.</subfield></datafield><datafield ind1=" " ind2=" " tag="310"><subfield code="a">Weekly,</subfield><subfield code="b">July 6, 1923-Sept. 3, 1926</subfield></datafield><datafield ind1=" " ind2=" " tag="321"><subfield code="a">Weekly,</subfield><subfield code="b">&lt;Feb. 4, 1916&gt;-Dec. 24, 1920</subfield></datafield><datafield ind1=" " ind2=" " tag="321"><subfield code="a">Irregular,</subfield><subfield code="b">Jan. 7, 1921-June 22, 1923</subfield></datafield><datafield ind1="0" ind2=" " tag="362"><subfield code="a">-v. 12, no. 33 (Sept. 3, 1926).</subfield></datafield><datafield ind1=" " ind2=" " tag="515"><subfield code="a">Some irregularities in numbering.</subfield></datafield><datafield ind1=" " ind2=" " tag="588"><subfield code="a">Description based on: Vol. 12, no. 10 (Feb. 4, 1916).</subfield></datafield><datafield ind1=" " ind2=" " tag="533"><subfield code="a">Microfilm.</subfield><subfield code="m">1916,1919-1926:[Gaps]</subfield><subfield code="b">Lincoln, Neb. :</subfield><subfield code="c">Nebraska State Historical Society,</subfield><subfield code="d">1979.</subfield><subfield code="e">2 microfilm reels ; 35 mm.</subfield></datafield><datafield ind1=" " ind2="0" tag="651"><subfield code="a">Omaha (Neb.)</subfield><subfield code="v">Newspapers.</subfield></datafield><datafield ind1=" " ind2="7" tag="655"><subfield code="a">Newspapers.</subfield><subfield code="2">fast</subfield><subfield code="0">(OCoLC)fst01423814</subfield></datafield><datafield ind1=" " ind2="7" tag="651"><subfield code="a">Nebraska</subfield><subfield code="z">Omaha.</subfield><subfield code="2">fast</subfield><subfield code="0">(OCoLC)fst01204995</subfield></datafield><datafield ind1=" " ind2=" " tag="752"><subfield code="a">United States</subfield><subfield code="b">Nebraska</subfield><subfield code="c">Douglas</subfield><subfield code="d">Omaha.</subfield></datafield></record>